@article{alkhalifah:2000,
  author =	 {T. Alkhalifah},
  title =	 {An acoustic wave equation for anisotropic media},
  publisher =	 {SEG},
  year =	 2000,
  journal =	 {Geophysics},
  volume =	 65,
  number =	 2,
  pages =	 {1239-1250},
}

@Book{aki.richards:1980,
  author =       {K. Aki and P. Richards},
  title =        {Quantitative {S}eismology (second edition)},
  publisher =    {University Science Books},
  year =         1980,
}

@article{backus:1962,
author={G.E. Backus},
title={Long-wave elastic anisotropy produced by horizontal layering},
journal={Journal of Geophysical Research},
year=1962,
volume=67,
pages={4427-4440}
}

@article{bakulin:2000a,
  author =	 {A. Bakulin and V. Grechka, and I. Tsvankin},
  title =	 {Estimation of fracture parameters from reflection seismic data--{Part I}: {HTI} model due to a single fracture set},
  publisher =	 {SEG},
  year =	 2000,
  journal =	 {Geophysics},
  volume =	 65,
  number =	 6,
  pages =	 {1788-1802},
}

@article{bakulin:2000b,
  author =	 {A. Bakulin and V. Grechka, and I. Tsvankin},
  title =	 {Estimation of fracture parameters from reflection seismic data--{Part II}: Fractured models with orthorhombic symmetry},
  publisher =	 {SEG},
  year =	 2000,
  journal =	 {Geophysics},
  volume =	 65,
  number =	 6,
  pages =	 {1803-1817},
}
@article{bale:2002,
  author =       {R. A. Bale},
  title =        {Staggered grids for {3D} pseudospectral modeling in anisotropic elastic media},
  year =         2002,
  journal =      {CREWES {R}esearch {R}eport},
  volume = {14},
  pages = {1-14},
}

@article{bansal.sen:2008,
  author =	 {R. Bansal and M. Sen},
  title =	 { Finite-difference modeling of S-wave splitting in  
				anisotropic media},
  year =	 2008,
  journal =	 {Geophysical Prospecting},
  volume =	 56,
  pages =	 {293-312},
}

@article{bartolo:2015,
  author =	 {L. D. Bartolo and C. Dors and W. J. Mansur},
  title =	 { Theory of equivalent staggered-grid schemes: application to   
				rotated and standard grids in anisotropic media},
  year =	 2015,
  journal =	 {Geophysical Prospecting},
  volume = 63,
  pages =	 {1-29},
}

@article{bale:2003,
  author =       {R. A. Bale},
  title =        {Modeling {3D} anisotropic elastic data using the pseudospectral approach},
  publisher =	 {EAGE},
  year =         2003,
  journal =      {70th {EAGE} Conference and Exhibition 2008, Expanded Abstracts},
  volume = {}.
}

@article{benjemaa:2007,
  author =       {M. Benjemaa and N. Glinsky-Olivier, and V. M. Cruz-Atienza, and J. Virieux, and S. Piperno},
  title =        {Dynamic non-planar crack rupture by a finite volume method},
  year =         2007,
  journal =      {Geophysical Journal International},
  volume = {171},
  pages = {271-285},
}

@article{berenger:1994,
author = {J.P. Berenger},
title = {A perfectly matched layer for the absorption of electromagnetic
                 wave.},
journal = {Journal of Computational Physics},
year = 1994,
volume = 114,
pages = {185-200},
}

@article{bojarski:1982,
  author =       {N. N. Bojarski},
  title =        {The k-space formulation of the scattering problem in the time domain},
  year =         1982,
  journal =      {Journal of Acoustic Society of America},
  volume = {72},
  number = {2},
  pages = {570-584},
}

@article{brzostowski.mcmechan:1992,
author={M. A. Brzostowski and G. A. McMechan},
title={3D tomographic imaging of near-surface seismic velocity and attenuation},
journal={Geophysics},
year=1992,
volume = {57},
pages={396-403},
}

@article{bube:2012,
  author =       {K. P. Bube and T. Nemeth, and J. P. Stefani, and R. Ergas, and W. Liu, and K. T. Nihei and L. Zhang},
  title =        {On the instability in second-order systems for acoustic {VTI} and {TTI} media},
  publisher =    {SEG},
  year =         2012,
  journal =      {Geophysics},
  volume = {77},
  number = {5},
  pages = {T171-T186},
}

@article{bakulin:2000,
  author =       {A. Bakulin and V. Grechka, and I. Tsvankin},
  title =        {Estimation of fracture paramaters from reflection seismic data-Part I: HTI model due to a single fracture set},
  publisher =    {SEG},
  year =         2000,
  journal =      {Geophysics},
  volume = {65},
  number = {6},
  pages = {1788-1802},
}

@article{blanch:1995,
  author =      {J. O. Blanch and J. O. Robertsson and W. W. Symes},
  title =        {Modeling of a constant Q: Methodology and algorithm for an efficient 
				and optimally inexpensive viscoelastic technique},
  year =         1995,
  journal =      {Geophysics},
  volume = {60},
  pages = {176-184},
}

@article{basabe:2008,
author = {J. D. {De Basabe} and M. K. Sen, and M. F. Wheeler},
title = {The interior penalty discontinuous {G}alerkin method for elastic wave propagation:{G}rid dispersion},
year = 2008,
journal = {Geophysical Journal International},
volume = {175},
pages = {83-93},
}

@article{candes:2007,
  author =       {E. Candes and L. Demanet, and L. Ying},
  title =        {Fast computation of {F}ourier integral operators},
  year =         2007,
  journal =      {SIAM Journal on Scientific Computing},
  volume =       29,
  number =	 6,
  pages =        {2464-2494},
}

@article{canuto:2006,
  author =       {C. G. Canuto and M. Y. Hussaini, and A. Quarteroni, and T.A. Zang},
  title =    {Spectral methods: Fundamentals in single domains},
  publisher = {Springer, Berlin},
  year =      {2006},
}

@Book{carcione:2007,
  author =       {J. M. Carcione},
  title =    {Wave fields in real media: Wave propagation in anisotropic, anelastic, porous and electromagnetic media},
  publisher = {Elsevier Ltd.},
  year =      {2007},
}

@article{carcione:1991,
  author =       {J. M. Carcione},
  title =        {Domain decomposition for wave propagation problems},
  year =         1991,
  journal =      {J. Sci. Comput.},
  volume = {6},
  pages = {453-472},
}

@article{carcione:2002,
  author =       {J. M. Carcione and G. C. Herman, and A. P. E. Ten Kroode},
  title =        {Seismic modeling},
  publisher =    {SEG},
  year =         2002,
  journal =      {Geophysics},
  volume = {67},
  pages = {1304-1325},
}

@article{carcione:1999,
  author =       {J. M. Carcione},
  title =        {Staggered mesh for the anisotropic and viscoelastic wave equation},
  publisher =    {SEG},
  year =         1999,
  journal =      {Geophysics},
  volume = {64},
  number =	 6,
  pages = {1863-1866},
}

@article{carcione:1992,
  author =       {J. M. Carcione and D. Kosloff and A. Behle and G. Seriani},
  title =        {A spectral scheme for wave propagation simulation in 
				  3D elastic-anisotropic media},
  publisher =    {SEG},
  year =         1992,
  journal =      {Geophysics},
  volume = {57},
  number =	 12,
  pages = {1593-1607},
}

@article{carcione:1988,
  author =       {J. M. Carcione and D. Kosloff and R. Kolsoff},
  title =        {Wave propagation simulation in a linear viscoacoustic medium},
  year =         1988,
  journal =      {Geophysical Journal International},
  volume = {93},
  number =	 2,
  pages = {393-401},
}

@article{carcione:1992,
@Book{cerveny:2001,
  author =       {V. Cerveny},
  title =        {Seismic ray theory},
  publisher =    {Cambridge University Press},
  year =         2001, 
}

@article{correa:2002,
  author =       {G. J. Correa and M. Spiegelman, and S. Carbotte, and J. C. Mutter},
  title =        {Centered and staggered {F}ourier derivatives and Hilbert transforms},
  publisher =    {SEG},
  year =         2002,
  journal =      {Geophysics},
  volume = {67},
  pages = {1558-1563},
}

@article{cox:2007,
  author =       {B. T. Cox and S. Kara, and S. R. Arridge and P. C. Beard},
  title =        {K-space propagation models for acoustically heterogeneous media: Application to biomedical photoacoustics},
  year =         2007,
  journal =      {Journal of Accoustic Society of America},
  volume = {121},
  number =	 6,
  pages = {3453-3464},
}

@article{cheng.kang:2014,
	author =       {J. B. Cheng and W. Kang},
	title =        {Simulating propagation of separated wave modes in general anisotropic media, {P}art {I}: P-wave propagators},
	publisher =    {SEG},
	year =         2014,
	journal = {Geophysics},
	volume = {79},
	number = {1},
	pages =  {C1-C18},
}

@article{cheng.fomel:2014,
	author =       {J. B. Cheng and S. Fomel},
    title =        {Fast algorithms of elastic wave mode separation and vector decomposition using low-rank approximation for anisotropic media},
	publisher =    {SEG},
	year =         2014,
	journal = {Geophysics},
	volume = {79},
	number = {4},
	pages =  {C97-C110},
}

@article{cheng.wu:2014,
author={J.B. Cheng and Z.D. Wu and T. Alkhalifah},
title={Simulating propagation of decomposed elastic waves using low-rank
       approximate mixed-domain integral operators for heterogenous
           isotropic media},
journal={84th Annual International Meeting, SEG, Expanded Abstracts},
year=2014,
pages={3393-3399},
}
~      
@article{cheng:2016,
author={J. B. Cheng and Z. D. Wu and T. Alkhalifah and P. Zou and C. L. Wang},
title={Simulating propagation of decoupled elastic waves using low-rank
       approximate mixed-domain integral operators for
           anisotropic media},
journal={Geophysics},
year=2016,
volume=81,
pages={T63-T77},
}

@article{chu:2011,
  author =       {C. Chu and B.K. Macy, and P. Anno},
  title =        {An accurate and stable wave equation for pure acoustic {TTI} modleing},
  publisher =    {SEG},
  year =         2011,
  journal =      {81st Annual International Meeting, SEG, Expanded Abstracts},
  pages =        {179-184},
}

@article{chew.weedon:1994,
author = {W.C. Chew and W.H. Weedon},
title = {A 3-D perfectly matched medium from modified Maxwell's equations
                 with stretched coordinates},
journal= { Microwave and Optical Technology Letters},
volume = 7,
year = 1994,
pages={599-604},
}

@article{chi:2015,
  author =       {B. Chi and L. Dong and Y. Liu},
  title =        {Correlation-based reflection full-waveform inversion},
  publisher =    {SEG},
  year =         2015,
  journal =      {Geophysics},
  volume = {80},
  number =	 4,
  pages = {R189-R202},
}

@article{chu.stoffa:2011,
  author =       {C. Chu and P. L. Stoffa},
  title =        {Application of normalized pseudo-Laplacian to elastic wave modeling
  on staggered grids},
  publisher =    {SEG},
  year =         2011,
  journal =      {Geophysics},
  volume = {76},
  number =	 5,
  pages = {T13-T21},
}

@article{chung:2006,
	author =   {E. Chung and B. Engquist},
    title =        {Optimal discontinuous {G}alerkin methods for wave propagation},
	year =         2006,
	journal = {{SIAM J}ournal on {N}umerical {A}nalysis},
	volume = {44},
	pages =  {2131-2158},
}

@article{crampin:1981,
  author =       {Crampin, S.},
  title =        {Review of wave motion in anisotropic and cracked elastic-media},
  year =         1981,
  journal =      {Wave Motion},
  volume =       {3},
  pages =        {343-391},
}

@article{crampin.yedlin:1981,
  author =       {Crampin, S. and Yedlin, M.},
  title =        {Shear-wave singularities of wave propagation in anisotropic media},
  year =         1981,
  journal =      {J. Geophys.},
  volume =       {49},
  pages =        {43-46},
}

@article{crampin:1984,
  author =       {Crampin, S.},
  title =        {Effective anisotropic elastic constants for wave propagation through cracked solids},
  year =         1984,
  journal =      {Geophysical Journal of the Royal Astronomical Society},
  volume =       {76},
  pages =        {135-145},
}

@article{crampin:1991,
  author =       {Crampin, S.},
  title =        {Effects of point singularities on shear-wave propagation in sedimentary basin},
  year =         1991,
  journal =      {Geophys. J. Int.},
  volume =       {107},
  pages =        {531-543},
}

@article{dablain:1986,
author = {M. A. Dablain},
title = {The application of high-order differencing to the scalar wave equation},
publisher = {SEG},
year = 1986,
journal = {Geophysics},
volume = {51},
pages = {54-66},
}

@PhdThesis{dellinger.thesis,
  author =	 {J. Dellinger},
  title =	 {Anisotropic seismic wave propagation},
  school =	 {Stanford University},
  year =	 1991,
  month =	 {April},
}

@article{dellinger.etgen:1990,
author = {J. Dellinger and J. Etgen},
title = {Wavefield separation in two-dimensional anisotropic media},
publisher = {SEG},
year = 1990,
journal = {Geophysics},
volume = {55},
number = {7},
pages = {914-919},
}

@article{dellinger.etgen:1989,
author = {J. Dellinger and J. Etgen},
title = {Wave-type separation in 3-D anisotropic media},
publisher = {SEG},
year = 1990,
journal = {59th Annual International Meeting, SEG, Expanded Abstracts},
pages = {977-979},
}

@article{du:2014,
author = {X. Du and P. J. Fowler, and R. P. Fletcher},
title = {Recursive integral time-extrapolation methods for waves: {A} comparative review},
publisher = {SEG},
year = 2014,
journal = {Geophysics},
volume = {79},
number = {1},
pages = {T9-T26},
}

@article{drossaert.giannopoulos:2007b,
author = {F.H. Drossaert and A. Giannopoulos},
title = {A nonsplit complex frequency-shifted PML based on recursive
                integration for FDTD modeling of elastic waves},
journal = {Geophysics},
year = 2007b,
volume = 72,
pages = {T9-T17},
}

@article{drossaert.giannopoulos:2007a,
author = {F.H. Drossaert and A. Giannopoulos},
title = {Complex frequency-shifted convolution PML for FDTD
             modelling of elastic waves},
journal = {Wave Motion},
year = 2007a,
volume = 44,
pages = {593-604},
}

@article{duveneck:2011,
author = {E. Duveneck and P. M. Bakker},
title = {Stable P-wave modeling for reverse-time migration in tilted TI media},
publisher = {SEG},
year = 2011,
journal = {Geophysics},
volume = {76},
number = {2},
pages = {S65-S75},
}

@article{dutta.schuster:2014,
  author = {G. Dutta and G. T. Schuster},
  title = {Attenuation compensation for least-squares reverse time migration 
			using the viscoacoustic-wave equation},
  year = 2014,
  journal = {Geophysics},
  volume = 79,
  pages = {S251-S262},
}

@article{dutta.schuster:2016,
  author = {G. Dutta and G. T. Schuster},
  title = {Wave-equation Q tomography},
  year = 2016,
  journal = {Geophysics},
  volume = 81,
  pages = {R471-R484},
}

@article{eriksson:1991,
author = {K. Eriksson and C. Johnson},
title = {Adaptive finite element methods for parabolic problems {I}: A linear model problem},
year = 1991,
journal = {SIAM J. Numer. Anal.},
volume = {28},
pages = {43-77},
}

@article{engquist.ying:2008,
author = {B. Engquist and L. Ying},
title = {Fast directional multilevel algorithms for oscillatory kernels},
year = 2008,
journal = {SIAM J. Sci. Comput.},
volume = {29},
number = {4},
pages = {1710-1737},
}

@article{engquist.ying:2009,
author = {B. Engquist and L. Ying},
title = {A fast directional algorithm for high frequency acoustic scattering in two dimensionsr},
year = 2009,
journal = {Communications Mathematical Sciences},
volume = {7},
number = {2},
pages = {327-345},
}

@article{etgen:2009,
  author =       {J. Etgen and S. Brandsberg-Dahl},
  publisher =    {SEG},
  title =        {The pseudo-analytical method: Application of pseudo-{L}aplacians to acoustic and acoustic anisotropic wave propagation},
  year =         2009,
  journal =      {79th Annual International Meeting, SEG, Expanded Abstracts},
  pages =        {2552-2556},
}

@article{fang.fomel:2014,
  author =     {G. Fang and S. Fomel, and Q. Z. Du and J. W. Hu},
  title =      {Lowrank seismic wave extrapolation on a staggered grid},
  publisher =  {SEG},
  year =       2014,
  journal =    {Geophysics},
  volume = {79},
  pages =      {T157-T168},
}

@article{fornberg:1988,
author={B. Fornberg},
title={The pseudospectral method: accurate representation of interfaces in elastic wave calculations},
journal={Geophysics},
year=1988,
volume=53,
pages={625-637},
}
      
@article{faccioli.maggio:1997,
author={E. Faccioli and F. Maggio and F. Paolucci and A. Quarteroni},
title={2D and 3D elastic wave propagation by a pseudo spectral domain decomposition method},
journal={J. Seism.},
year=1997,
volume=1,
pages={237-251},
}

@article{firouzi:2012,
author = {K. Firouzi and B. T. Cox, and B. E. Treeby, and N. Saffari},
title = {A first-order k-space model for elastic wave propagation in heterogeneous media},
year = 2012,
journal = {Journal of Acoustic Society of America},
volume = {132},
number = {3},
pages = {1271-1283},
}

@article{fomel:2013,
  author =     {S. Fomel and P. Sava, and I. Vlad, and Y. Liu, and V. Bashkardin},
  title =      {Madagascar: {O}pen-source software project for multidimensional data analysis and reproducible computational experiments},
  year =       2013,
  journal =    {Journal of Open Research Software},
volume = {1},
  pages =      {e8},
}

@article{fornberg:1998,
  author =     {B. Fornberg},
  title =      {A practical guide to pseudospectral methods},
  publisher =  {Cambridge Univeristy Press, New York},
  year =       1998,
}

@article{fornberg:1990,
author = {B. Fornberg},
title = {High-order finite differences and pseudo-spectral method on staggered grids},
publisher = {SIAM},
year = 1990,
journal = {SIAM Journal of Numerical Analysis},
volume = {27},
pages = {904-918},
}

@article{fornberg:1987,
author = {B. Fornberg},
title =  { The pseudospectral method: Comparisons with finite differences
			for the elastic wave equation},
year = 1987,
journal = {Geophysics},
volume = 52,
number = 4,
pages = {483-501},
}

@article{fowler:2010,
author = {P. J. Fowler and X. Du and R. P. Fletcher},
title = {Recursive integral time extrapolation methods for scalar waves},
publisher = {SEG},
year = 2010,
journal =    {80th Annual International Meeting, SEG, Expanded Abstracts},
pages = {3210-3215},
}

@article{fowler.king:2011,
  author =       {P.J Fowler and R. King},
  title =        {Modeling and reverse time migration of orthorhombic pseudo-acoustic {P}-waves},
  publisher =    {SEG},
  year =         2011,
  journal =      {81st Annual International Meeting, SEG, Expanded Abstracts},
  pages =        {190-195},
}

@article{fowler.lapilli:2012,
  author =       {P.J Fowler and C. Lapilli},
  title =        {Generalized pseudospectral methods for orthorhombic modeling and reverse-time migration},
  publisher =    {SEG},
  year =         2012,
  journal =      {82nd Annual International Meeting, SEG, Expanded Abstracts},
  pages =        {doi: 10.1190/segam2012-0708.1},
}

@article{fletcher:2008,
  author =       {R. Fletcher and X. Du and P.J. Fowler},
  title =        {A new pseudo-acoustic wave equation for {TI} media},
  publisher =    {SEG},
  year =         2008,
  journal =      {78th Annual International Meeting, SEG, Expanded Abstracts},
  pages =        {2082-2086},
}

@article{gazdag:1984,
author = {J. Gazdag and P. Sguazzero},
title = {Migration of seismic data by phase shift plus interpolation},
publisher = {SEG},
year = 1984,
journal = {Geophysics},
volume = {49},
pages = {124-131},
}

@article{golub:1996,
author = {G.H. Golub and C. F. Van Loan},
title = {Matrix Computations},
publisher =  {John Hopkins},
year =   1996,
}

@article{graves:1996,
author = {Robert W. Graves},
title = {Simulating Seismic Wave Propagation in 3D Elastic
                 Media Using Staggered-Grid Finite Difference},
journal = {Bulletin of the Seismological Society of America},
year = 1996,
volume = {86},
number = {4},
pages = {1091-1106},
}

@article{giroux:2012,
author = {B. Giroux},
title = { Performance of convolutional perfectly matched layers for
             pseudospectral time domain poroviscielastic schemes},
journal = {Computers \& Geosciences},
year = 2012,
volume = 45,
pages = {149-160},
}

@article{hsu.schoenberg:1993,
  author = {J. A. Hsu and M. Schoenberg},
  title = {Elastic waves through a simulated fractured medium},
  year = 1993,
  journal = {Geophysics},
  volume = 58,
  pages = {964-977},
}

@article{igel:1995,
  author =       {H. Igel and P. Mora, and B. Riollet},
  title =        {Anisotropic wave propagation through finite-difference grids},
  publisher =    {SEG},
  year =         1995,
  journal =      {Geophysics},
  volume =       {60},
  pages =        {1203-1216},
}

@article{kjartansson:1979,
  author =       {E. Kjartansson},
  title =        {Constant-Q wave propagation and attenuation},
  year =         1979,
  journal =      {Journal of Geophysical Research},
  volume =       {84},
  pages =        {4737-4748},
}

@article{kang.cheng:2012,
author =       {W. Kang and J. B. Cheng},
title =        {Propagating pure wave modes in {3D} general anisotropic media, {P}art {II}: {SV} and {SH} wave},
publisher =    {SEG},
year =         2012,
journal =      {82nd Annual International Meeting, SEG, Expanded Abstracts},
pages =        {1234-1238},
}

@article{kamei.pratt:2013,
  author =	 {R. Kamei and R. G. Pratt},
  title =	 {Inversion strategies for visco-acoustic waveform inversion},
  journal =	 {Geophysical Journal International},
  year =	 2013,
  volume =   {194},
  pages =	 {859-884},
}

@article{klin:2010,
author={P. Klin and E. Priolo and G. Seriani},
title={Numerical simulation of seismic wave propagation in realistic 3-D geo-models with a
{F}ourier pseudo spectral method},
journal={Geophys. J. Int.},
year=2010,
volume=183,
pages={905-922},
}

@article{kosloff:1989,
author =       {D. Kosloff and A. Q. Filho, and E. Tessmer, and A. Behle},
title =        {Numerical solution of the acoustic and elastic wave equation a new rapid expansion method},
publisher =    {EAGE},
year =         1989,
journal =      {Geophysical Prospecting},
volume = {37},
pages =        {383-394},
}

@article{kosloff.baysal:1982,
author = { D. Kosloff and E. Baysal},
title = { Forward modelling by a {F}ourier method },
year = 1982,
journal = {Geophysics},
volume = {47},
pages = {1402-1412},
}

@article{komatitsch:2000,
author={D. Komatitsch and C. Barnes, and J. Tromp},
title={Simulation of anisotropic wave propagation based on a spectral element method},
journal={Geophysics},
year=2000,
volume=65,
pages={1251-1260},
}

@article{komatitsch.martin:2007,
author = {D. Komatitsch and R. Martin},
title = {An unsplit convolutional perfectly matched layer improved
                        at grazing incidence for the seismic wave equation},
journal = {Geophysics},
year = 2007,
volume = 72,
pages = {SM155-SM167},
}

@article{lapilli.fowler:2013,
author = {C. Lapilli and P. J. Fowler},
title = {Rotation parameters for model building and stable parameter inversion in orthorhombic media},
publisher = {SEG},
year = 2013,
journal = {83rd Annual International Meeting, SEG, Expanded Abstracts},
pages = {4656-4660},
}

@article{lebedev:1964,
author={V.I. Lebedev},
title={Difference analogues of orthogonal decompositions of basic differential
       operators and some boundary value problems},
journal={I. USSR Computational Mathematics and Mathematical physics},
year=1964,
volume=4,
pages={449-465},
}

@article{lisitsa.vishnevskiy:2010,
author = {V. Lisitsa and D. Vishnevskiy},
title = {Lebedev scheme for the numerical simulation of wave propagation in 3{D}
	anisotropic elasticity},
year = 2010,
journal = {Geophysical Prospecting},
volume = {58},
pages = {619-635},
}

@article{lisitsa.vishnevskiy:2011,
author={V. Lisitsa and D. Vishnevskiy},
title = {On specific features of the Lebedev scheme in simulating elastic
             wave propagation in anisotropic media },
journal={Numerical Analysis and Applications},
year=2011,
volume=4,
pages={155-167},
}

@article{lisitsa:2012,
author={V. Lisitsa and V. Tcheverda and D. Vishnevsky},
title={Numerical simulation of seismic waves in models with anisotropic
      formations: coupling Virieux and Lebedev finite-difference schemes},
journal={Comput Geosci},
year=2012,
volume=16,
pages={1135-1152},
}

@article{liu:2009,
  author =       {F. Liu and S.A. Morton, and S. Jiang, and L. Ni, and J.P. Leveille},
  title =        {Decoupled Wave Equations for {P} and {SV} Waves in an Acoustic {VTI} Media},
  publisher =    {SEG},
  year =         2009,
  journal =      {79th Annual International Meeting, SEG, Expanded Abstracts},
  pages =        {2844-2848},
}

@article{liu:2000,
author={E. Liu and J.A. Hudson and T. Pointer},
title={Equivalent medium representation of fractured rock},
journal={Journal of Geophysical Research-Solid Earth},
year=2000,
volume=105,
pages={2981-3000},
}

@article{levander:1988,
author = { A.R. Levander},
title = { Fourth-order finite-difference P-SV seismograms},
publisher = {SEG},
journal = {Geophysics},
year = {1988},
volume = {131},
number = {1},
pages = {1425-1436},
}

@article{liu:2013,
author={Y. Liu},
title={Globally optimal finite-difference schemes based on least squares},
journal={Geophysics},
year=2013,
volume = {78},
volume=4,
pages={T113-T132},
}

@article{liu.li:2000,
author = {Y. Liu and C. Li},
title = {Study of elastic wave propagation in two-phase anisotropic media by numerical modeling of pseudospectral method},
year = 2000,
journal = {Acta Seismologica Sinica},
volume = {13},
number = 2,
pages = {143-150},
}

@article{liu:1995,
author = {Q. Liu},
title = {Generalization of the k-space formulation to elastodynamic scattering problems},
year = 1995,
journal = {Journal of Acoustic Society of America},
volume = {97},
number = 3,
pages = {1373-1379},
}

@article{liao.mcmechan:1995,
  author =	 {Q. Liao and G. A. McMechan},
  title =	 {2.5D full-wavefield viscoacoustic inversion},
  year =	 1995,
  journal =	 {Geophysical Prospecting},
  volume =	 43,
  pages =	 {1043-1059},
}

@article{liao.mcmechan:1996,
  author =	 {Q. Liao and G. A. McMechan},
  title =	 {Multifrequency visco-acoustic modeling and inversion},
  year =	 1996,
  journal =	 {Geophysics},
  volume =	 61,
  pages =	 {1371-1378},
}

@article{ma.zhu:2003,
  author =       {D. T. Ma and G. M. Zhu},
  title =        {P- and S-wave separated elastic wave equation numerical modeling {(in Chinese)}},
  year =	 2003,
  journal =	 {Oil Geophysical Prospecting},
  volume =	 38,
  pages =	 {482-486},
}

@article{ma.hale:2013,
  author =	 {Y. Ma and D. Hale},
  title =	 {Wave-equation reflection traveltime inversion with dynamic warping and full-waveform inversion},
  year =	 2013,
  journal =	 {Geophysics},
  volume =	 78,
  pages =	 {R223-R233},
}

@article{martin:2005,
author = {R. Martin and D. Komatitsch and H. Barucq },
title = {An optimized convolution perfectly matched layer(C-PML)
             absorbing technique for 3D seismic wave simulation based on
             a finite-difference method},
year = 2005,
journal = {American Geophysical Union,86,Abstract},
pages = {NG43B-0574},
}

@article{mora:1986,
author =  {P. Mora },
title = { Elastic finite difference with convolutional operators},
journal = {Stanford Exploration Project Rep.},
year = 1986,
volume = 48,
pages = {277-289},
}

@Book{morse.feshbach:1953,
author = {Morse, P. M., and H. Feshbach},
title =	 {Methods of {T}heoretical {P}hysics},
publisher = {McGraw-Hill Book Company},
year =	 1953,
}

@article{moczo:2002,
author={P. Moczo and J. Kristek and V. Vavrycuk and R.J. Vavrycuk and L. Halada},
title={3D heterogeneous staggered-grid finite-difference modeling of seismic
           motion with volume harmonic and arithmetic averaging of elastic
                   moduli and densities},
journal={Bulletin of the Seismological Society of America},
year=2002,
volume=92,
pages={3042-3066},
}

@article{moczo:2007,
author={P. Moczo and O. A. Robertsson, and L. Eisner},
title={The finite-difference time-domain method for modeling of seismic wave propagation},
journal={Advances in wave propagation in heterogeneous earth, Edited by R. S. Wu and V. Maupin in "Advances in Geophysics", 48},
year=2007,
pages={421-516},
}

@article{nielsen:1994,
author={P. Nielsen and F. If and P. Berg and O. Skovgaard},
title={Using pseudospectral technique on curved grids for 2D acoustic forward modeling},
journal={Geophys. Prospect.},
year=1994,
volume=42,
pages={321-341},
}

@article{nielsen.if:1995,
author={P. Nielsen and F. If and P. Berg and O. Skovgaard},
title={Using pseudospectral method on curved grids for 2D elastic forward modeling},
journal={Geophys. Prospect.},
year=1995,
volume=43,
pages={369-395},
}

@Book{nocedal:1999,
  author =	 {J. Nocedal and S. Wright},
  title =	 {Numerical optimization},
  publisher =	 {Springer Verlag},
  year =	 1999,
}

@article{ozdenvar.mcmechan:1996,
  author =       {T. Ozdenvar and G. McMechan},
  title =        {Causes and reduction of numerical artifacts in pseudo-spectral wavefield extrapolation},
  year =	 1996,
  journal =	 {Geophysical Journal International},
  volume =	 126,
  pages =	 {819-829},
}

@article{quan.harris:1997,
  author =       {Y. Quan and J. M. Harris},
  title =        {Seismic attenuation tomography using the frequency shift method},
  year =	 1997,
  journal =	 {Geophysics},
  volume =	 62,
  pages =	 {895-905},
}

@article{operto:2009,
author={S. Operto and J. Virieux, and A. Ribodetti, and J. E. Anderson},
title={Finite-difference frequency-domain modeling of viscoacoustic wave propagation in 2{D} tilted transversely isotropic ({TTI}) media},
journal={Geohpysics},
year=2009,
volume=74,
pages={T75-T95},
}

@article{pestana.stoffa:2010,
  author =       {R.C. Pestana and P. L. Stoffa},
  title =        {Time evolution of the wave equation using rapid expansion method},
  publisher =	 {SEG},
  year =	 2010,
  journal =	 {Geophysics},
  volume =	 75,
  number =	 4,
  pages =	 {T121-T131},
}

@article{pestana:2011,
  author =       {R.C. Pestana and B. Ursin, and P. L. Stoffa},
  title =        {Separate {P}- and {SV}-wave equations for {VTI} Media},
  publisher =    {SEG},
  year =         2011,
  journal =      {SEG Technical Program Expanded Abstracts},
  pages =        {163-167},
}

@article{plessix:2006,
author={R. E. Plessix},
title={A review of the adjoint-state method for computing the gradient of a functional with geophysical applications},
journal={Geophysical Journal International},
year=2006,
volume=167,
pages={495-503},
}

@article{reed.hill:1973,
author={W. H. Reed and T. R. Hill},
title={Triangular mesh methods for the neutron transport equation},
journal={Technical {R}eport{LA-UR-73-479, Los Alamos Scientific Laboratory}},
year=1973,
}

@article{robertsson:1996,
author={J. O. Robertsson},
title={A numerical free-surface condition for elastic/viscoelastic finite-difference modeling in the presence of topography},
journal={Geophysics},
year=1996,
volume=61,
pages={1921-1934},
}

@article{robertsson:1994,
author={J. O. Robertsson and J. O. Blanch and W. W. Symes},
title={Viscoelastic finite-difference modeling },
journal={Geophysics},
year=1994,
volume=59,
pages={1444-1456},
}

@article{roden.gedney:2000,
author = {J.A. Roden and S.D. Gedney},
title = { Convolution PML(CPML): An efficient FDTD implementation of
                the CFS-PML for arbitary media},
journal = {Microwave and Optical Techonology Letters},
year = 2000,
volume = 27,
pages = {334-339},
}                 

@article{saenger:2000,
  author =	 {E. H. Saenger and N. Gold, and S. A. Shapiro},
  title =	 {Modeling the propagation of the elastic waves using a modified
	  finite-difference grid},
  year =	 2000,
  journal =	 {Wave Motion},
  volume =	 31,
  pages =	 {77-92},
}

@article{saenger:2004,
  author =	 {E. H. Saenger and T. Bohlen},
  title =	 { Finite-difference modeling of viscoelastic and anisotropic 
				wave propagation using the rotated staggered grid},
  year =	 2004,
  journal =	 {Geophysics},
  volume =	 69,
  number = 2,
  pages =	 {583-591},
}

@article{schoenberg:1997,
  author =   {M. Schoenberg and K. Helbig},
  title =    {Orthorhombic media: Modeling elastic wave behavior in a vertically fractured earth},
  publisher =    {SEG},
  year =     1997,
  journal =  {Geophysics},
  volume =   62,
  number =   6,
  pages =    {1954-1974},
}

@article{schoenberg:1980,
  author = {M. Schoenberg},
  title = { Elastic wave behavior across linear slip interfaces},
  year = 1980,
  journal = { The Journal of the Acoustic Society of America},
  volume = 68,
  pages = {1516-1521},
}

@article{shen.biondi:2018,
  author =	 {Y. Shen and B. Biondi and R. Clapp},
  title =	 { Q model building using one-way wave-equation migration Q analysis – Part1: Theory and synthetic test},
  year =	 2018
  journal =	 {Geophysics},
  volume =	 83,
  number = 2,
  pages =	 {S93-S109},
}

@article{soubaras.zhang:2008,
  author =	 {R. Soubaras and Y. Zhang},
  title =	 {Two-step explicit marching method for reverse-time migration},
  publisher =	 {EAGE},
  year =	 2008,
  journal =      {70th {EAGE} Conference and Exhibition 2008, Expanded Abstracts},
  pages =	 {F041},
}

@article{song.fomel:2011,
  author =	 {X. Song and S. Fomel},
  title =	 {{F}ourier finite-difference wave propagation},
  publisher =	 {SEG},
  year =	 2011,
  journal =	 {Geophysics},
  volume =	 76,
  number =	 5,
  pages =	 {T123-T129},
}

@article{song:2013,
  author =   {X. Song and T. Alkhalifah},
  title =    {Modeling of pseudoacoustic P-waves in orthorhombic media with a low-rank approximation},
  publisher =    {SEG},
  year =     2013,
  journal =  {Geophysics},
  volume =   78,
  number =   4,
  pages =    {C33-C40},
}

@article{fomel.ying:2013,
  author =   {S. Fomel and L. Ying and X. Song},
  title =    {Seismic wave extrapolation using a low-rank symbol approximation},
  year =     2013,
  journal =  {Geophysical Prospecting},
  volume =   61,
  number =   3,
  pages =    {526-536},
}

@article{sun:2016,
  author =	 {J. Sun and S. Fomel, Y. Sripanich, and P. Fowler},
  title =	 {Recursive integral time extrapolation of elastic waves using lowrank approximation},
  publisher =	 {SEG},
  year =	 2016,
  journal =	 {86rd Annual International Meeting, SEG, Expanded Abstracts},
  pages =	 {4145-4151},
}

@article{sun.fomel:2016,
	author = {J. Sun and S. Fomel and L. Ying},
	title = {Low-rank one-step wave extrapolation for reverse time migration},
	journal = {Geophysics},
	volume = {81},
	number = {1},
	pages = {S39-S54},
	year = {2016},
	doi = {10.1190/geo2015-0183.1},
	URL = {http://dx.doi.org/10.1190/geo2015-0183.1},
	eprint = {http://dx.doi.org/10.1190/geo2015-0183.1}
}

@article{sun.zhu:2015,
	author = {J. Sun and T. Zhu and S. Fomel},
	title = {Viscoacoustic modeling and imaging using low-rank approximation},
	journal = {Geophysics},
	volume = {80},
	number = {5},
	pages = {T103-T108},
	year = {2015},
}

@article{sun.fomel:2016,
	author = {J. Sun and S. Fomel and T. Zhu and J. Hu},
	title = {$Q$-compensation least-squares reverse time migration 
	   	using low-rank one-step wave propagation},
	journal = {Geophysics},
	volume = {81},
	number = {4},
	pages = {S271-S279},
	year = {2016},
}

@article{sun.mcmechan:2001,
  author =	 {R. Sun and G. A. McMechan},
  title =	 {Scalar reverse-time depth migration of prestack elastic seismic data},
  publisher =	 {SEG},
  year =	 2001,
  journal =	 {Geophysics},
  volume =	 66,
  pages =	 {1514-1527},
}

@article{tabei:2002,
  author =	 {M. Tabei and T. D. Mast, and R. C. Waag},
  title =	 {A k-space method for coupled first-roder acoustic propagation equations},
  year =	 2002,
  journal =	 {Journal of Acoustic Society of America},
  volume =	 111,
  number =   1,
  pages =	 {56-63},
}

@article{tarantola:1984,
  author =	 {A. Tarantola},
  title =	 {Inversion of seismic reflection data in the acoustic approximation},
  publisher =	 {SEG},
  year =	 1984,
  journal =	 {Geophysics},
  volume =	 49,
  pages =	 {1259-1266},
}

@article{tessmer:1995,
author={E. Tessmer},
title={3-{D} seismic modelling of general material anisotropy in the presence of the free surface by a {C}hebyshev spectral method},
journal={Geophysical Journal International},
year=1995,
volume=121,
pages={557-575},
}

@article{treeby:2002,
  author =	 {B. E. Treeby and J. Jaros and A. P. Rendell and B. T. Cox},
  title =	 { Modeling nonlinear ultrasound propagation in heterogeneous media with 
			   power law absorption using a k-space pseudospectral method},
  year =	 2012,
  journal =	 {Journal of Acoustic Society of America},
  volume =	 131,
  number =   6,
  pages =	 {4324-4336},
}

@Book{tsvankin:2001,
  author =       {I. Tsvankin},
  title =        {Seismic signatures and analysis of reflection data
                  in anisotropic media},
  publisher =    {Elsevier Science Ltd.},
  year =         2001
}

@article{tillett:2009,
  author =	 {J. C. Tillett and M. I. Daoud, and and J. C. Lacefield and R. C. Waag},
  title =	 {A k-space method for acoustic propagation using coupled 
			  first-order equations in three dimensions},
  year =	 2009,
  journal =	 {Journal of Acoustic Society of America},
  volume =	 126,
  number =   3,
  pages =	 {1231-1244},
}

@article{talezer:1986,
  author =	 {H. Tal-Ezer},
  title =	 {Spectral methods in time for hyperbolic problems},
  year =	 1986,
  journal =	 {{SIAM} Journal on {N}umerical {A}nalysis},
  volume =	 23,
  pages =	 {11-26},
}

@article{talezer:1987,
  author =	 {H. Tal-Ezer and D. Kosloff, and Z. Koren},
  title =	 {An accurate scheme for seismic forward modelling},
  year =	 1987,
  journal =	 {Geophysical Prospecting},
  volume =	 35,
  pages =	 {479-490},
}

@article{thomsen:1986,
  author =	 {L. Thomsen},
  title =	 {Weak elastic anisotropy},
  publisher =	 {SEG},
  year =	 1986,
  journal =	 {Geophysics},
  volume =	 51,
  pages =	 {1954-1996},
}

@Book{tsvankin:2001,
  author =	 {I. Tsvankin},
  title =	 {Seismic signatures and analysis of reflection data
                  in anisotropioc media},
  publisher =	 {Elsevier Science Ltd.},
  year =	 2001,
}

@article{vavrycuk:1999,
author = {V. Vavrycuk},
title = {Properties of S-waves near a kiss singularity: a comparison of exact and ray solution},
year = 1999,
journal = {Geophysical Journal International},
volume = {138},
pages = {581-589},
}

@article{vigh.kappor:2011,
  author =	 {D. Vigh and J. Kapoor and N. Moldoveanu and H. Li},
  title =	 { Breakthrough acquisition and technologies for subsalt imaging},
  year =	 2011
  journal =	 {Geophysics},
  volume =	 76,
  number = 5,
  pages =	 {WB41-WB51},
}

@article{virieux:1984,
author = {J. Virieux},
title = {SH-wave propagation in heterogeneous media:
Velocity-stress finite-difference method},
year =1984, 
journal = {Geophysics},
volume = {49},
pages = {1933-1957},
}

@article{virieux:1986,
author = {J. Virieux},
title = {P-SV wave propagation in heterogeneous media:
Velocity-stress finite-difference method},
year =1986, 
journal = {Geophysics},
volume = {51},
pages = {889-901},
}

@article{virieux:2009,
author = {J. Virieux and S. Operto},
title = {An overview of full-waveform inversion in exploration geophysics},
year =2009, 
journal = {Geophysics},
volume = {74},
pages = {WCC1-WCC26},
}

@article{virieux:2011,
author = {J. Virieux and H. Calandra, and R. Plessix},
title = {A review of the spectral, pseudo-spectral, finite-difference and finite-element modelling techniques for geophysical imaging},
year =2011, 
journal = {Geophysical Prospecting},
volume = {59},
pages = {794-813},
}

@article{wang:2016,
  author =     {C. L. Wang and J. B. Cheng, and B. Arntsen},
  title =      {Scalar and vector imaging based on wave mode decoupling for elastic reverse time migration in isotropic and transversely isotropic media},
  publisher =  {SEG},
  year =       2016,
  journal =    {Geophysics},
volume = {81},
number = 5,
pages = {S383-S398},
}

@article{wang:2001,
author={Y.B. Wang and H. Takenaka},
title={A multidomain approach of the {F}ourier pseudospectral method using discontinuous grid for
elastic wave modeling},
journal={Earth Planets Space},
year=2001,
volume=53,
pages={149-158},
}

@article{wang.takenaka:2001,
author={Y.B. Wang and H. Takenaka and T. Furumura},
title={Modelling seismic wave propagation in a two-dimensional cylindrical whole-earth
model using the pseudospectral method},
journal={Geophys. J. Int.},
year=2001,
volume=145,
pages={689-708},
}

@article{wang.tang:2003,
author = {T. Wang and X. Tang},
title = {Finite-difference modeling of elastic wave propagation:
             A nonsplitting perfectly matched layer approach},
journal = {Geophysics},
year = 2003,
volume = 68,
pages = {1749-1755},
}

@article{wang.cheng:2017,
  author =     {T. F. Wang and J. B. Cheng},
  title =      {Elastic full waveform inversion based on mode decomposition: The
	  approach and mechanism},
  year =       2017,
  journal =    {Geophysical Journal International},
  volume = 209,
  pages =      {606-622},
}

@article{wapenaar:1987,
author = {C. P. A. Wapenaar and N. A. Kinneging, and A. J. Berkhout},
title = {Principle of prestack migration based on the full elastic two-way wave equation},
year =1987, 
journal = {Geophysics},
volume = {52},
number = {2},
pages = {151-173},
}

@article{winterstein,
author = {D.F. Winterstein},
title = {Velocity anisotropy terminology for geophysicists},
publisher = {SEG},
year = 1990,
journal = {Geophysics},
volume = {55},
number = {8},
pages = {1070-1088},
}

@article{wu:2014,
author = {Z. Wu and T. Alkhalifah},
title = {The optimized expansion based low rank method for wavefield extrapolation},
publisher = {SEG},
year = 2014,
journal = {Geophysics},
volume = {79},
number = {2},
pages = {T51-T60},
}

@article{wu.alkhalifah:2015,
author = {Z. Wu and T. Alkhalifah},
title = {Simultaneous inversion of the background velocity and the perturbation in full-waveform inversion},
publisher = {SEG},
year = 2015,
journal = {Geophysics},
volume = {80},
number = {6},
pages = {R317-R329},
}

@article{xu.zhou:2014,
  author =       {S. Xu and H. Zhou},
  title =        {Accurate simulations of pure quasi-P-waves in complex anisotropic media},
  publisher =    {SEG},
  year =         2014,
  journal =      {Geophysics},
  volume =  79,
  number = 6,
  pages =        {T341-T348}
}

@article{xu:2012,
author = {S. Xu and D. Wang and F. Chen and Y. Zhang and G. Lambare},
title = {Full waveform inversion for reflected seismic data},
publisher = {EAEG},
year = 2012,
journal = {74th Annual International Conference and Exhibition, EAEG, Expanded Abstracts},
pages = {W024},
}

@article{yang:2010,
author={D. H. Yang and L. Wang, and X. Y. Deng},
title={An explicit split-step algorithm of the implicit {A}dams method for solving 2-D acoustic and elastic wave equations},
journal={Geophysical Journal International},
year=2010,
volume=180,
pages={291-310},
}

@article{yan.sava:2008,
author = {J. Yan and P. Sava},
title = {Isotropic angle domain elastic reverse time migration},
publisher = {SEG},
year = 2008,
journal = {Geophysics},
volume = {73},
number = {6},
pages = {S229-S239},
}

@article{yan.sava:2009,
author = {J. Yan and P. Sava},
title = {Elastic wave-mode separation for {VTI} media},
publisher = {SEG},
year = 2009,
journal = {Geophysics},
volume = {74},
number = {5},
pages = {WB19-WB32},
}

@article{yan.sava:2011,
author = {J. Yan and P. Sava},
title = {Improving the efficiency of elastic wave-mode separation for heterogenous tilted transverse isotropic media},
publisher = {SEG},
year = 2011,
journal = {Geophysics},
volume = {76},
number = {4},
pages = {T65-T78},
}

@article{yan:2009,
author = {J. Yan and P. Sava},
title = {{3D} elastic wave mode separation for {TTI} media},
publisher = {SEG},
year = 2009,
journal = {79th Annual International Meeting, SEG, Expanded Abstracts},
pages = {4294-4298},
}

@article{ying:2012,
author = {L. Ying},
title = {A pedestrain introduction to fast multipole methods},
year = 2012,
journal = {Science China Math},
volume = {55},
pages = {doi: 10.1007/s11425-012-4392-0},
doi   = {10.1007/s11425-012-4392-0},
}

@article{yao.zhu:2017,
	author = {J. Yao and T. Zhu and F. Hussain and D. J. Kouri},
	title = {Locally solving fractional Laplacian viscoacoustic wave equation 
			using Hermite distributed approxmating functional method},
	journal = {Geophysics},
	volume = {82},
	number = {2},
	pages = {T59-T67},
	year = {2017},
}

@article{yoon.marfurt:2006,
author={K. Yoon and K. Marfurt},
title={Reverse-time migration using the Poynting vector},
journal={Exploration Geophysics},
year=2006,
volume = {37},
pages={102-107},
}
 
@article{zhan:2012,
author = {G. Zhan and R. C. Pestana, and P. L. Stoffa},
title = {Decoupled equations for reverse time migration in tilted transversely isotropic media},
publisher = {SEG},
year = {2012},
journal = {Geophysics},
volume = {77},
number = {2},
pages = {T37-T45},
}

@article{zhang:2007,
author = {J. Zhang and Z. Tian, and C. Wang},
title = {P- and S-wave separated elastic wave equation numerical modeling using 2D staggered-grid},
publisher = {SEG},
year = 2007,
journal = {77th Annual International Meeting, SEG, Expanded Abstracts},
pages = {2104-2108},
}

@article{zhang:2011,
author = {Y. Zhang and H. Zhang, and G. Zhang},
title = {A stable {TTI} reverse time migration and its implementation},
publisher = {SEG},
year = 2011,
journal = {Geophysics},
volume = {76},
number = {3},
pages = {WA3-WA11},
}

@article{zhang:1999,
author={J. F. Zhang and T. Liu},
title={{P-SV}-wave propagation in heterogeneous media: grid method},
journal={Geohpys. J. Int.},
year=1999,
volume=136,
pages={431-438},
}

@article{zhang.mcmechan:2010,
author = {Q. Zhang and George A. McMechan},
title = {{2D} and {3D} elastic wavefield vector decomposition in the wavenumber domain for {VTI} media},
publisher = {SEG},
year = 2010,
journal = {Geophysics},
volume = {75},
number = {3},
pages = {D13-D26},
}

@article{zhang.zhang:2009,
author = {Y. Zhang and G. Zhang},
title = {One-step extrapolation method for reverse time migration},
publisher = {SEG},
year = 2009,
journal = {Geophysics},
volume = {74},
number = {4},
pages = {A29-A33},
}

@article{zhou:2006eage,
  author =       {H. Zhou and G. Zhang, and R. Bloor},
  title =        {An anisotropic acoustic wave equation for {VTI} media},
  publisher =    {EAGE},
  year =         {2006},
  journal =      {68th {EAGE} Conference and Exhibition 2006, Expanded Abstracts},
  pages =        {1171-1174},
}

@article{fletcher.nichols:2012,
  author =       {R. Fletcher and D. Nichols and M. Cavalca},
  title =        {Wavepath-consistent effective $Q$ estimated for $Q$-compensated 
				  reverse time migration},
  publisher =    {EAGE},
  year =         {2012},
  journal =      {82th {EAGE} Conference and Exhibition 2006, Expanded Abstracts},
  pages =        {A020},
}

@article{hargreaves.calvert:1991,
author = {N. D. Hargreaves and A. J. Calvert},
title = {Inverse $Q$ filtering by Fourier transform},
year = 1991,
journal = {Geophysics},
volume = {56},
pages = {519-527},
}

@article{deng.mcmechan:2008,
author = {F. Deng and G. A. MeMechan},
title = {Viscoelastic true-amplitude prestack reverse-time depth migration},
year = 2008,
journal = {Geophysics},
volume = {73},
number={4}
pages = {S143-S155},
}

@article{zou.cheng:2016,
author={P. Zou and J. B. Cheng},
title={Modified pseudo-spectral method for wave propagation modelling in arbitrary anisotropic media},
journal={78th EAGE Conference \& Exhibiion, Expanded Abstracts},
year=2016,
pages={DOI: 10.3997/2214-4609.201601417},
}

@article{zhu.harris1:2014,
author={T. Zhu and J. M. Harris and B. Biondi},
title={Q-compensated reverse-time migration},
journal={Geophysics},
year=2014,
volume = {79},
number = {3},
pages={S77-S87},
}
 
@article{zhu.harris:2014,
author={T. Zhu and J. M. Harris},
title={Modeling acoustic wave propagation in heterogeneous attenuating media using decoupled 
		fractional Laplacians},
journal={Geophysics},
year=2014,
volume = {79},
number = {3},
pages={T105-T116},
}
 
@article{zhang.zhang:2010,
author = {Y. Zhang and P. Zhang, and H. Zhang},
title = {Compensating for viscoacoustic effects in reverse time migration},
publisher = {SEG},
year = 2010,
journal = {80th Annual International Meeting, SEG, Expanded Abstracts},
pages = {3160-3164},
}

@article{bai.chen:2013,
author = {J. Bai and G. Chen and D. Yingst and J. Leveille},
title = {Attenuation compensation in viscoacoustic reverse time migration},
publisher = {SEG},
year = 2013,
journal = {83rd Annual International Meeting, SEG, Expanded Abstracts},
pages = {3825-3830},
}

@article{muller.gurevich:2010,
author={T. M. Muller and B. Gurevich and M. Lebedev},
title={Seismic wave attenuation and dispersion resulting from wave-induced 
	flow in porous rocks -- A review},
journal={Geophysics},
year=2010,
volume = {75},
number = {5},
pages={A147-A164},
}
 



@phdthesis{humuyuan2015-2,
    title={ 软管组件纤维编织增强层非线性本构关系研究及实验测试},
    author={胡牧原},
    school={同济大学},
    year={2015}
}

@Book{fung:1965,
  author =	 {Y. Fung},
  title =	 {Foundations of solid mechanics},
  publisher =	 {Englewood Cliffs, NJ.},
  year =	 1965,
}
@Book{hudson:1980,
  author =	 {J. A. Hudson},
  title =	 {The excitation and propagation of elastic waves},
  publisher =	 {CUP Archive},
  year =	 1980,
}

@Book{christensen:1982,
  author =	 {R.M. Christensen},
  title =	 {Theory of viscoelasticity: an introduction,2nd ed.},
  publisher =	 {Academic Press, New York and London.},
  year =	 1982,
}

@article{desgupta.clark:1998,
  author =	 {R. Dasgupta and R. A. Clark},
  title =	 {Estimation of Q from surface seismic reflection data},
  year =	 1998,
  journal =	 {Geophysics},
  volume =	 63,
  pages =	 {2120-2128},
}

@article{clark.benson:2009,
  author =	 {R. A. Clark and P. M. Benson and A. J. Carter and C. A. G. Moreno},
  title =	 {Anisotropic P-wave attenuation measured from a multi-azimuth surface seismic reflection survey},
  year =	 2009,
  journal =	 {Geophysical Prospecting},
  volume =	 57,
  pages =	 {835-845},
}

@article{maultzsch.chapman:2007,
  author =	 {S. Maultzsch and M. Chapman and E. Liu and X. Y. Li},
  title =	 {Modelling and analysis of attenuation anisotropy in multi-azimuth VSP data from the clair field},
  year =	 2007,
  journal =	 {Geophysical Prospecting},
  volume =	 55,
  pages =	 {627-642},
}

@article{macrides.kanasewich:1987,
  author =	 {C. G. Macrides and E. R. Kanasewich},
  title =	 {Seismic attenuation and Poisson's ratios in oil sands from crosshole measurements},
  year =	 1987,
  journal =	 {Journal of the Canadian Society of Exploration Geophysicsts},
  volume =	 23,
  pages =	 {46-55},
}

@article{winkler.nur:1982,
  author =	 {K. W. Winkler and A. Nur},
  title =	 {Seismic attenuation: Effects of pore fluids and frictional sliding},
  year =	 1982,
  journal =	 {Geophysics},
  volume =	 47,
  pages =	 {1-15},
}

@article{hu.liu:2011,
author = {W. Hu and J. Liu and L. Bear and C. Marcinkovich},
title = {A robust and accurate seismic attenuation tomography algorithm},
publisher = {SEG},
year = 2011,
journal = {81st Annual International Meeting, SEG, Expanded Abstracts},
pages = {2727-2731},
}

@article{kamei.pratt:2013,
  title={Inversion strategies for visco-acoustic waveform inversion},
  author={Kamei, R. and Pratt, R. G.},
  journal={Geophysical Journal International},
  volume={194},
  number={2},
  pages={859-884},
  year={2013},
}

@article{mora:1987,
  title={Nonlinear two-dimensional elastic inversion of multioffset seismic data},
  author={Mora, Peter},
  journal={Geophysics},
  volume={52},
  pages={1211-1228},
  year={1987},
}

@article{sirgue.pratt:2004,
  title={Efficient waveform inversion and imaging: A strategy for selecting temporal frequencies},
  author={Sirgue, Laurent and Pratt, R. Gerhard},
  journal={Geophysics},
  volume={69},
  pages={231-248},
  year={2004},
}

@article{sen.stoffa:1991,
  title={Nonlinear seismic waveform inversion in one dimension using simulated annealing},
  author={Sen, Mrinal K. and Stoffa, Paul L.},
  journal={Geophysics},
  volume={56},
  number={10},
  pages={1624-1638},
  year={1991},
}

@article{mosegaard.tarantola:1995,
  title={Monte Carlo sampling of solutions to inverse problems},
  author={Mosegaard, Klaus and Tarantola, Albert},
  journal={Journal of Geophysical Research Solid Earth},
  volume={100},
  number={B7},
  pages={12 431-12 447},
  year={1995},
}

@article{lailly:1983,
	title={The seismic inverse problem as a sequence of before stack migrations},
	author={Lailly, P.},
	journal={in Proceeding of the Conference on Iverse Scattering: Theory and Application},
	publisher = {SIAM},
	pages={206-220},
	year={1983},
}

@article{pratt.worthington:1990,
  title={Inverse theory applied to multi-source cross-hole tomography. Part 1: acoustic waveequation method},
  author={Pratt, R. G and Worthington, M.H},
  journal={Geophysical Prospecting},
  volume={38},
  number={3},
  pages={287-310},
  year={1990},
}

@article{song:1995,
  title={Frequency-domain acoustic-wave modeling and inversion of crosshole data: Part II--Inversion method, 
		synthetic experiments and real-data results},
  author={Song, Zhong Min and Williamson, P. R. and R. G. Pratt},
  journal={Geophysics},
  volume={60},
  number={3},
  pages={796-809},
  year={1995},
}

@article{ravaut:2004,
  title={Multiscale imaging of complex structures from multifold wide-aperture seismic data by 
		frequency-domain full-waveform tomography: application to a thrust belt},
  author={Ravaut, C and Operto, S and Improta, L and Virieux, J and Herrero, A and Dell'Aversana, P},
  journal={Geophysical Journal of the Royal Astronomical Society},
  volume={159},
  number={3},
  pages={1032-1056},
  year={2004},
}

@article{gao:2006,
  title={Waveform tomography at a groundwater contamination site: VSP-surface data set},
  author={Gao, Fc and Levander, Ar and Pratt, Rg and Zelt, Ca and Fradelizio, Gl},
  journal={Geophysics},
  volume={71},
  number={10},
  pages={H1-H11},
  year={2006},
}

@article{kamei:2012,
  title={Waveform tomography imaging of a megasplay fault system in the seismogenic Nankai subduction zone},
  author={Kamei, Rie and Pratt, R. Gerhard and Tsuji, Takeshi},
  journal={Earth \& Planetary Science Letters},
  volume={317-318},
  number={s 317–318},
  pages={343-353},
  year={2012},
}

@article{smithyman:2009,
  title={Detecting near-surface objects with seismic waveform tomography},
  author={Smithyman, Brendan and Pratt, R. Gerhard and Hayles, John and Wittebolle, Ralph},
  journal={Geophysics},
  volume={74},
  number={6},
  pages={WCC119-WCC127},
  year={2009},
}

@article{malinowski:2011,
  title={High‐resolution seismic attenuation imaging from wide‐aperture onshore 
	data by visco‐acoustic frequency‐domain full‐waveform inversion},
  author={Malinowski, M. and Operto, S. and Ribodetti, A.},
  journal={Geophysical Journal International},
  volume={186},
  number={3},
  pages={1179-1204},
  year={2011},
}

@article{hak.mulder:2011,
  title={Seismic attenuation imaging with causality},
  author={Hak, Bobby and Mulder, Wim A.},
  journal={Geophysical Journal International},
  volume={184},
  number={1},
  pages={439-451},
  year={2011},
}

@article{bai:2014,
  title={Viscoacoustic waveform inversion of velocity structures in the time domain},
  author={Bai, Jianyong and Yingst, David and Bloor, Robert and Leveille, Jacques},
  journal={Geophysics},
  volume={79},
  number={3},
  pages={R103-R119},
  year={2014},
}

@article{bunks:1995,
  title={Multiscale seismic waveform inversion},
  author={Bunks, Carey and Saleck, Fatimetou M. and Zaleski, S. and Chavent, G.},
  journal={Geophysics},
  volume={60},
  number={5},
  pages={1457-1473},
  year={1995},
}

@article{tarantola:1988,
  title={Theoretical background for the inversion of seismic waveforms including elasticity and attenuation},
  author={Tarantola, Albert},
  journal={Pure \& Applied Geophysics},
  volume={128},
  number={1-2},
  pages={365-399},
  year={1988},
}

@article{pratt:2004,
  title={Waveform tomography images of velocity and inelastic 
	  attenuation from the Mallik 2002 Crosshole Seismic Surveys},
  author={Pratt, R.G. and Hou, F. and Bauer, K. and Weber, M.H.},
  journal={in Scientific Results from the Mallik 2002 Gas Hydrate Production 
	  Research Well Program, Mackenzie Delta, North Territories, Canada},
  volume={585},
  year={2004},
  pages={1-14},
}

@article{kamei.pratt:2008,
  title={Waveform Tomography strategies for imaging attenuation structure with cross-hole data},
  author={Kamei, Rie and Pratt, R Gerhard},
  year={2008},
  pages={F019}
  journal={in Proceedings of the 70th Conference and Exhibition of the EAGE},
}

@article{ribodetti:2000,
  title={Asymptotic viscoacoustic diffraction tomography of ultrasonic 
			laboratory data: a tool for rock properties analysis},
  author={Ribodetti, A. and Operto, S. and Virieux, J. and Gilles, L. and Gibert, Dominique},
  journal={Geophysical Journal International },
  volume={140},
  number={2},
  pages={324-340},
  year={2000},
}

@article{hak.mulder:2010,
  title={Migration for velocity and attenuation perturbations},
  author={Hak, Bobby and Mulder, Wim A},
  journal={Geophysical Prospecting},
  volume={58},
  number={6},
  pages={939-952},
  year={2010},
}

@article{innanen.weglein:2007,
  title={On the construction of an absorptive–dispersive medium model via direct linear inversion of reflected seismic primaries},
  author={Innanen, Kristopher A and Weglein, Arthur B},
  journal={Inverse Problems},
  volume={23},
  number={6},
  pages={2289-2310},
  year={2007},
}

@article{mulder.hak:2009,
  title={An ambiguity in attenuation scattering imaging},
  author={Mulder, W. A and Hak, B},
  journal={Geophysical Journal International},
  volume={178},
  number={3},
  pages={1614-1624},
  year={2009},
}

@article{rao.wang:2008,
  title={The Strategies for Attenuation Inversion with Waveform Tomography},
  author={Rao, Y. and Wang, Y. H.},
  title={70th Conference and Exhibition of the EAGE},
  year={2008},
  pages={H006},
}

@article{watanabe:2004,
  title={Viscoacoustic wave form inversion of transmission data for velocity and attenuation},
  author={Watanabe, Toshiki and Nihei, Kurt T. and Nakagawa, Seiji and Myer, Larry R.},
  journal={Journal of the Acoustical Society of America},
  volume={115},
  number={115},
  pages={3059-3067},
  year={2004},
}

@article{alkhalifah:2015,
  author ={T. Alkhalifah},
  title =        {Scattering-angle based filtering of the waveform inversion gradients},
  year =         2015,
  journal =      {Geophysical Journal International},
  volume = {200},
  pages = {363-373},
}

@article{alkhalifah.wu:2016,
  author ={T. Alkhalifah and Z. Wu},
  title =        {The natural combination of full and image-based waveform inversion},
  year =         2016,
  journal =      {Geophysical Prospecting},
  volume = {64},
  pages = {19-30},
}

@article{wu.alkhalifah:2014,
author={Z. Wu and T. Alkhalifah},
title={Spectral implementation of full waveform inversion based on reflections},
journal={76th EAGE Conference \& Exhibiion, Expanded Abstracts},
year=2016,
}

@article{xu:2012a,
author={S. Xu and D. Wang and F. Chen},
title={Inversion on reflection seismic wave},
journal={SEG Technical Program Expanded Abstracts},
year=2012,
pages={1-7}
}

@article{xu:2012b,
author={S. Xu and D. Wang and F. Chen},
title={Full waveform inversion for reflected seismic data},
journal={74th EAGE Conference \& Exhibiion, Expanded Abstracts},
year=2012,
}

@article{liu:2011,
  title={An effective imaging condition for reverse-time migration using wavefield decomposition},
  author={F. Liu and G. Zhang and S. A. Morton },
  journal={Geophysics},
  volume={76},
  pages={S29-S39},
  year={2011},
}

@article{tang:2013,
author={Y. Tang and S. Lee and A. Baumstein},
title={Tomographically enchanced full wavefield inversion},
journal={SEG Technical Program Expanded Abstracts},
year=2013,
pages={1037-1041}
}

@article{wang:2013,
author={F. Wang and H. Chauris and D. Donno},
title={Taking advantage of wave field decomposition in full waveform inversion},
journal={75th EAGE Conference \& Exhibiion, Expanded Abstracts},
year=2013,
}

@article{alkhalifah:2016,
  author ={T. Alkhalifah},
  title =        {Full-model wavenumber inversion: An emphasis on the appropriate wavenumber continuation},
  year =         2016,
  journal =      {Geophysics},
  volume = {81},
  pages = {R89-R98},
}

@article{dai.schuster:2013,
  author ={W. Dai and G. T. Schuster},
  title =        {Plane-wave least-squares reverse time migration},
  year =         2013,
  journal =      {Geophysics},
  volume = {78},
  pages = {S165-S177},
}

@article{luo.hale:2014,
  author ={S. Luo and D. Hale},
  title = {Least-squares migration in the presence of velocity errors},
  year =         2014,
  journal =      {Geophysics},
  volume = {79},
  pages = {S153-S161},
}

@article{ma.hale:2014,
  author ={Y. Ma and D. Hale},
  title = {Wave-equation reflection traveltime inversion with dynamic warping and full-waveform inversion},
  year =         2013,
  journal =      {Geophysics},
  volume = {78},
  pages = {R223-R233},
}

@article{zhang:2014,
  author ={Y. Zhang and L. Duan and Y. Xie},
  title = {A stable and practical implementation of least-squares reverse time migration},
  year =         2014,
  journal =      {Geophysics},
  volume = {80},
  pages = {V23-V31},
}


